<record><leader>00000cas a22000007a 4500</leader><controlfield tag="001">10263751</controlfield><controlfield tag="008">840104d18461848msuwr ne      0    0eng  </controlfield><controlfield tag="009">466</controlfield><datafield ind1=" " ind2=" " tag="010"><subfield code="a">sn 84020009 </subfield></datafield><datafield ind1=" " ind2=" " tag="040"><subfield code="a">DLC</subfield><subfield code="b">eng</subfield><subfield code="c">DLC</subfield><subfield code="d">NPY</subfield><subfield code="d">LNP</subfield><subfield code="d">CRL</subfield><subfield code="d">OCL</subfield><subfield code="d">OCLCO</subfield><subfield code="d">OCLCF</subfield></datafield><datafield ind1="1" ind2=" " tag="029"><subfield code="a">AU@</subfield><subfield code="b">000020128525</subfield></datafield><datafield ind1=" " ind2=" " tag="042"><subfield code="a">msc</subfield></datafield><datafield ind1=" " ind2=" " tag="043"><subfield code="a">n-us-ms</subfield></datafield><datafield ind1="0" ind2="0" tag="050"><subfield code="a">Newspaper 8577</subfield></datafield><datafield ind1="0" ind2=" " tag="130"><subfield code="a">Weekly sentinel (Vicksburg, Miss.)</subfield></datafield><datafield ind1="0" ind2="0" tag="245"><subfield code="a">Weekly sentinel.</subfield></datafield><datafield ind1=" " ind2=" " tag="260"><subfield code="a">Vicksburg, Miss. :</subfield><subfield code="b">J. Shannon &amp; Co.,</subfield><subfield code="c">1846-1848.</subfield></datafield><datafield ind1=" " ind2=" " tag="300"><subfield code="a">2 v. :</subfield><subfield code="b">ill. (chiefly advertisements) ;</subfield><subfield code="c">60 cm.</subfield></datafield><datafield ind1=" " ind2=" " tag="310"><subfield code="a">Weekly</subfield></datafield><datafield ind1="0" ind2=" " tag="362"><subfield code="a">Old ser. vol. 10, no. 39 (Sept. 29, 1846)-old ser. v. 11, no. 17 (Jan. 19, 1848) = new ser. v. 1, no. 1-new ser. v. 2, no. 17.</subfield></datafield><datafield ind1=" " ind2=" " tag="500"><subfield code="a">"Whig."</subfield></datafield><datafield ind1=" " ind2=" " tag="530"><subfield code="a">Also available on microfilm from Mississippi State Dept. of Archives and History.</subfield></datafield><datafield ind1=" " ind2="0" tag="651"><subfield code="a">Vicksburg (Miss.)</subfield><subfield code="v">Newspapers.</subfield></datafield><datafield ind1=" " ind2="7" tag="655"><subfield code="a">Newspapers.</subfield><subfield code="2">fast</subfield><subfield code="0">(OCoLC)fst01423814</subfield></datafield><datafield ind1=" " ind2="7" tag="651"><subfield code="a">Mississippi</subfield><subfield code="z">Vicksburg.</subfield><subfield code="2">fast</subfield><subfield code="0">(OCoLC)fst01204951</subfield></datafield><datafield ind1=" " ind2=" " tag="752"><subfield code="a">United States</subfield><subfield code="b">Mississippi</subfield><subfield code="c">Warren</subfield><subfield code="d">Vicksburg.</subfield></datafield><datafield ind1="0" ind2=" " tag="775"><subfield code="t">Tri-weekly sentinel (Vicksburg, Miss.)</subfield><subfield code="w">(DLC)sn 87005661</subfield><subfield code="w">(OCoLC)16700854</subfield></datafield><datafield ind1="0" ind2="0" tag="780"><subfield code="t">Sentinel and expositor</subfield><subfield code="w">(DLC)sn 84020008</subfield><subfield code="w">(OCoLC)2267623</subfield></datafield><datafield ind1="0" ind2="0" tag="785"><subfield code="t">Vicksburg weekly sentinel</subfield><subfield code="w">(DLC)sn 84020010</subfield><subfield code="w">(OCoLC)10263786</subfield></datafield></record>